@online{latexDocs,
  author    = {{The LaTeX Project}},
  editor    = {},
  publisher = {Comprehensive TeX Archive Network (CTAN)},
  title     = {A Short Introduction to LaTeX2e},
  year      = {2021},
  url       = {https://ctan.org/tex-archive/info/lshort/english/lshort.pdf},
  urldate   = {2024-03-15}
}

@book{hibbeler2016mechanics,
  author    = {Hibbeler, Russell C.},
  editor    = {},
  publisher = {Pearson},
  address   = {Upper Saddle River, NJ},
  title     = {Mechanics of Materials},
  edition   = {10th},
  year      = {2016}
}

@article{smith2022flexure,
  author  = {Smith, Jane A. and Doe, John Q.},
  journal = {Journal of Mechanical Design},
  number  = {4},
  pages   = {041001},
  title   = {Design and Analysis of Compliant Mechanisms Using Pseudo-Rigid-Body Models},
  volume  = {144},
  year    = {2022},
  doi     = {10.1115/1.4051234}
}